<?xml version="1.0" encoding="UTF-8"?><record xmlns="http://www.loc.gov/MARC21/slim" xmlns:cinclude="http://apache.org/cocoon/include/1.0" xmlns:zs="http://www.loc.gov/zing/srw/">
  <leader>00583cz  a2200157n  4500</leader>
  <controlfield tag="001">n  97041860 </controlfield>
  <controlfield tag="003">DLC</controlfield>
  <controlfield tag="005">20140919140013.0</controlfield>
  <controlfield tag="008">970421n| azannaabn          |n aaa      </controlfield>
  <datafield tag="010" ind1=" " ind2=" ">
    <subfield code="a">n  97041860 </subfield>
  </datafield>
  <datafield tag="035" ind1=" " ind2=" ">
    <subfield code="a">(OCoLC)oca04322762</subfield>
  </datafield>
  <datafield tag="040" ind1=" " ind2=" ">
    <subfield code="a">DLC</subfield>
    <subfield code="b">eng</subfield>
    <subfield code="e">rda</subfield>
    <subfield code="c">DLC</subfield>
    <subfield code="d">DLC</subfield>
    <subfield code="d">MoSU</subfield>
    <subfield code="d">DLC</subfield>
  </datafield>
  <datafield tag="100" ind1="1" ind2=" ">
    <subfield code="a">Reppen, Randi</subfield>
  </datafield>
  <datafield tag="375" ind1=" " ind2=" ">
    <subfield code="a">female</subfield>
  </datafield>
  <datafield tag="670" ind1=" " ind2=" ">
    <subfield code="a">Corpus linguistics, 1998:</subfield>
    <subfield code="b">CIP t.p. (Randi Reppen, Northern Arizona Univ.)</subfield>
  </datafield>
  <datafield tag="670" ind1=" " ind2=" ">
    <subfield code="a">Corpus linguistics, 2012:</subfield>
    <subfield code="b">v. 1 , t.p. (Randi Reppen) p. preceding t.p. (Randi Reppen; she is Professor of Applied Linguistics at Northern Arizona University)</subfield>
  </datafield>
</record>